@misc{pronto2016,
  author       = {{Pronto Cycle Share}},
  title        = {Pronto Cycle Share Dataset},
  year         = {2016},
  howpublished = {\url{https://www.kaggle.com/datasets/pronto/cycle-share-dataset}},
  note         = {Available online}
}

@article{kim2018,
  author       = {Kim, Kyoungok},
  title        = {Investigation on the effects of weather and calendar events on bike-sharing according to the trip patterns of bike rentals of stations},
  journal      = {Journal of Transport Geography},
  publisher    = {Elsevier},
  volume       = {66},
  pages        = {309--320},
  year         = {2018}
}

@article{an2019,
  author       = {An, Ran and Zahnow, Renee and Pojani, Dorina and Corcoran, Jonathan},
  title        = {Weather and cycling in New York: The case of Citibike},
  journal      = {Journal of Transport Geography},
  publisher    = {Elsevier},
  volume       = {77},
  pages        = {97--112},
  year         = {2019}
}

@misc{uw2019,
  author       = {{University of Washington}},
  title        = {Bike-sharing in Seattle},
  year         = {2019},
  howpublished = {UW News, October 7, 2019},
  note         = {Available online}
}

@misc{biki2024,
  author       = {{Biki}},
  title        = {History of Bikeshare},
  year         = {2024},
  howpublished = {\url{https://gobiki.org/biki-leaks/history-of-bikeshare/}},
  note         = {Available online}
}

